@article{Monteiro2022,
  author = {Monteiro, Ana and Silva, Bruno},
  title = {Corporate Social Responsibility Reporting: Trends and Challenges},
  journal = {Journal of Business Ethics},
  year = {2022},
  volume = {145},
  pages = {123-140}
}

@article{Heldal2024,
  author = {Heldal, Magnus},
  title = {Social Dimension in CSR: A European Perspective},
  journal = {European Management Review},
  year = {2024},
  volume = {18},
  pages = {45-67}
}

@article{Morais2018,
  author = {Morais, Rita},
  title = {Environmental and Governance Aspects in CSR Reporting},
  journal = {Sustainability Accounting Review},
  year = {2018},
  volume = {12},
  pages = {201-220}
}

@article{HolderWebb2007,
  author = {Holder-Webb, Lori},
  title = {Social Impact of Software Services},
  journal = {Information Systems Journal},
  year = {2007},
  volume = {19},
  pages = {89-105}
}

@article{Jimenez2023,
  author = {Jimenez, Carlos},
  title = {Digital Platforms and Social Responsibility},
  journal = {Tech \& Society},
  year = {2023},
  volume = {7},
  pages = {33-50}
}

@article{Mani2018,
  author = {Mani, Vikas},
  title = {ESG Reporting in Manufacturing and Finance},
  journal = {Journal of Sustainable Finance},
  year = {2018},
  volume = {10},
  pages = {77-92}
}

@article{Christensen2021,
  author = {Christensen, John},
  title = {Superficial Reporting in ESG Disclosures},
  journal = {Corporate Reporting Review},
  year = {2021},
  volume = {15},
  pages = {210-225}
}

@article{LealFilho2025,
  author = {Leal Filho, Walter},
  title = {Social Indicators in Sustainability Reports},
  journal = {International Journal of ESG},
  year = {2025},
  volume = {2},
  pages = {12-30}
}

@article{Bochkay2025,
  author = {Bochkay, Andrey},
  title = {Sector-Specific SSR Frameworks},
  journal = {Journal of Digital Economy},
  year = {2025},
  volume = {5},
  pages = {101-120}
}

@article{Edge2022,
  author = {Edge, Sarah},
  title = {CSR and Sustainability Reporting: Definitions and Context},
  journal = {Business Research Quarterly},
  year = {2022},
  volume = {25},
  pages = {55-70}
}

@article{Fiechter2022,
  author = {Fiechter, Peter},
  title = {Corporate Readiness for SSR in the EU},
  journal = {Accounting in Europe},
  year = {2022},
  volume = {19},
  pages = {99-115}
}

@article{Gibbons2024,
  author = {Gibbons, Mark},
  title = {Quantitative Data Challenges in SSR},
  journal = {Journal of Social Reporting},
  year = {2024},
  volume = {8},
  pages = {88-104}
}

@article{Ye2020,
  author = {Ye, Lin},
  title = {CSR Reporting in Manufacturing},
  journal = {Sustainability},
  year = {2020},
  volume = {12},
  pages = {1001-1015}
}

@article{Afshari2022,
  author = {Afshari, Sara},
  title = {Social Sustainability Indicators: A Classification},
  journal = {Journal of Sustainable Development},
  year = {2022},
  volume = {15},
  pages = {200-220}
}

@article{Lock2016,
  author = {Lock, Tobias},
  title = {ESG Reporting in Sensitive Industries},
  journal = {Environmental Policy Journal},
  year = {2016},
  volume = {9},
  pages = {45-60}
}

@article{Fifka2012,
  author = {Fifka, Matthias},
  title = {Factors Influencing Sustainability Reporting},
  journal = {Business Ethics},
  year = {2012},
  volume = {21},
  pages = {34-50}
}

@article{Reitmaier2025,
  author = {Reitmaier, Stefan},
  title = {Social Component in ESG Disclosures},
  journal = {Journal of Corporate Reporting},
  year = {2025},
  volume = {3},
  pages = {77-95}
}

@article{Nava2023,
  author = {Nava, Lucia},
  title = {SDG Measurement and Reporting Frameworks},
  journal = {Sustainability Metrics},
  year = {2023},
  volume = {11},
  pages = {150-170}
}

@article{ElBaz2022,
  author = {El Baz, Nour},
  title = {Sustainability Readiness Framework for Industry 4.0},
  journal = {Industrial Sustainability},
  year = {2022},
  volume = {6},
  pages = {200-215}
}

@article{Zopounidis2020,
  author = {Zopounidis, Constantin},
  title = {Multi-Criteria ESG Disclosure Assessment},
  journal = {Finance \& Sustainability},
  year = {2020},
  volume = {14},
  pages = {60-80}
}

@article{Siew2015,
  author = {Siew, Renard},
  title = {Corporate Sustainability Reporting Tools},
  journal = {Sustainability Review},
  year = {2015},
  volume = {9},
  pages = {120-135}
}

@article{Okongwu2022,
  author = {Okongwu, Uche},
  title = {Maturity Models for Sustainability Reporting},
  journal = {Organizational Studies},
  year = {2022},
  volume = {18},
  pages = {99-115}
}

@article{Barletta2021,
  author = {Barletta, Giuseppe},
  title = {Organisational Sustainability Readiness Model},
  journal = {Business Strategy},
  year = {2021},
  volume = {22},
  pages = {210-230}
}

@article{Troshani2024,
  author = {Troshani, Irena},
  title = {Data Infrastructure in SSR},
  journal = {Tech Reporting},
  year = {2024},
  volume = {4},
  pages = {55-70}
}

@article{Jona2023,
  author = {Jona, Michael},
  title = {Reporting Systems in SSR},
  journal = {Corporate Accountability},
  year = {2023},
  volume = {7},
  pages = {33-50}
}

@article{Belal2016,
  author = {Belal, Ataur},
  title = {Greenwashing in SSR Reporting},
  journal = {Business Ethics Quarterly},
  year = {2016},
  volume = {26},
  pages = {123-140}
}

@article{Najjar2023,
  author = {Najjar, Rania},
  title = {Auditing Costs in SSR},
  journal = {Accounting Perspectives},
  year = {2023},
  volume = {13},
  pages = {88-104}
}

@article{Bonnefon2022,
  author = {Bonnefon, Jean-Francois},
  title = {Stakeholder Expectations in ESG},
  journal = {Stakeholder Management},
  year = {2022},
  volume = {16},
  pages = {45-60}
}

@article{Dai2019,
  author = {Dai, Yifan},
  title = {CSR Initiatives and Strategic Benefits},
  journal = {Corporate Strategy},
  year = {2019},
  volume = {8},
  pages = {101-120}
}

@article{Chouaibi2021,
  author = {Chouaibi, Jamel},
  title = {Societal Practices and Market Valuation},
  journal = {Finance \& Society},
  year = {2021},
  volume = {5},
  pages = {77-95}
}

@article{Najjar2024,
  author = {Najjar, Rania},
  title = {Cost-Sharing Solutions for SMEs},
  journal = {SME Sustainability},
  year = {2024},
  volume = {2},
  pages = {12-30}
}

@article{Barker2025,
  author = {Barker, Simon},
  title = {SSR as Strategic Investment},
  journal = {Corporate Governance},
  year = {2025},
  volume = {19},
  pages = {99-115}
}