@book{lamport1994latex,
  title={LaTeX: A Document Preparation System},
  author={Lamport, Leslie},
  year={1994},
  publisher={Addison-Wesley}
}

@article{author2020study,
  author = {Author, A.},
  title = {Title of the Study},
  journal = {Journal Name},
  year = {2020},
  volume = {1},
  pages = {1-10}
}